@article{AnusuyaSpeech2009, 
    author = {Anusuya, M. A. and Katti, S. K.}, 
    title = {Speech Recognition by Machine: A Review}, 
    journaltitle = {International Journal of Computer Science and Information Security}, 
    year = {2009},
    month = {December},
    volume = {6},
    number = {3}, 
    pages = {181--205} 
}

@misc{JuangAutomaticSpeech,
    author = {Juang, B. H. and Rabiner, L. R.},
    title = {Automatic Speech Recognition â€“ A Brief History of the Technology Development},
    year = {}
}

@misc{HawkinsAcoustic2009,
    author = {Hawkins, S.},
    title = {Acoustic Theory of Speech Production},
    year = {2009}
}

@article{DavisAutomatic1952,
    author = {Davis, K. H. and Biddulph, R. and Balashek, S.},
    title = {Automatic Recognition of Spoken Digits},
    publisher = {ASA},
    year = {1952},
    journaltitle = {The Journal of the Acoustical Society of America},
    volume = {24},
    number = {6},
    pages = {637--642},
    url = {http://link.aip.org/link/?JAS/24/637/1},
    doi = {10.1121/1.1906946}
}

@article{Furui50Years2004,
   author = {Furui, S.},
   title = {Fifty years of progress in speech and speaker recognition},
   journaltitle = {Acoustical Society of America Journal},
   year = {2004},
   month = {October},
   volume = {116},
   pages = {2497--2498},
}

@article{OlsonPhonetic1956,
    author = {Olson, H. F. and Belar, H.},
    collaboration = {},
    title = {Phonetic Typewriter},
    publisher = {ASA},
    year = {1956},
    journaltitle = {The Journal of the Acoustical Society of America},
    volume = {28},
    number = {6},
    pages = {1072--1081},
    url = {http://link.aip.org/link/?JAS/28/1072/1},
    doi = {10.1121/1.1908561}
}

@article{ForgieResults1959,
    author = {Forgie, J. W. and Forgie, C. D.},
    title = {Results Obtained from a Vowel Recognition Computer Program},
    publisher = {ASA},
    year = {1959},
    journaltitle = {The Journal of the Acoustical Society of America},
    volume = {31},
    number = {11},
    pages = {1480--1489},
    url = {http://link.aip.org/link/?JAS/31/1480/1},
    doi = {10.1121/1.1907653}
}
@article{FletcherNature1922,
	author = {Fletcher, H.},
	title = {The Nature of Speech and Its Interpretation},
	year = {1922},
	month = {July},
	journaltitle = {The Bell System Technical Journal},
	volume = {1},
	pages = {129--144}
}

@article{SuzukiRecognition1961,
    author = {Suzuki, J. and Nakata, K.},
    title = {Recognition of Japanese Vowels - Preliminary to the Recognition of Speech},
    year = {1961},
    journaltitle = {J. Radio Research Lab},
    volume = {37},
    number = {6},
    pages = {193--212}
}

@inproceedings{SakaiThePhonetic1962,
  author = {Sakai, T. and Doshita, S.},
  title = {The Phonetic Typewriter},
  booktitle = {IFIP Congress},
  year = {1962},
  pages = {445--450}
}

@article{NagataSpoken1963,
    title = {Spoken Digit Recognizer for Japanese Language},
    author = {Nagata, K. and Kato, Y. and Chiba, S.},
    journaltitle = {NEC Research and Development (Tokyo)},
    month = {12},
    year = {1963},
    number = {6},
    pages = {76--80}
}

@article{JaisalAReview2012,
    author = {Jaisal, Pradeep K. and Mishra, Pankaj K.},
    title = {A Review of Speech Pattern Recognition: Survey},
    journaltitle = {International Journal of Computer Science and Technology},
    volume = {3},
    number = {1},
    date = {2012},
    pages = {709--713}
}

@report{MartinSpeech1964,
    author = {Martin ,T. B. and Nelson, A. L. and Zadell, H. J.},
    title = {Speech Recognition by feature-abstraction Tecniques},
    institution = {Air Force Avionics Lab },
    year = {1964},
    type = {Reporte T\'{e}cnico}
}

@article{VintsyukSpeech1968,
    author = {T. Vintsyuk},
    title = {Speech discrimination by dynamic programming},
    journaltitle = {Kybernetika},
    year = {1968},
    masid = {1331763}
}

@article{SakoeDynamic1978,
    author = {Sakoe, H. and Chiba, S.},
    title = {Dynamic programming algorithm optimization for spoken word recognition},
    journaltitle = {IEEE Transactions on Acoustics, Speech, and Signal Processing},
    volume = {26},
    year = {1978},
    pages = {43--49},
    issue = {1},
    doi = {10.1109/TASSP.1978.1163055},
    masid = {1312809}
}

@article{BakerResearch2009,
    author = {Baker, J. and Li Deng and Glass, J. and Khudanpur, S. and Chin-hui Lee and Morgan, N. and O'Shaughnessy, D},
    title  = {Developments and directions in speech recognition and understanding, Part 1},
    publisher = {IEEE},
    journaltitle = {Signal Processing Magazine},
    volume = {26},
    number = {3},
    pages = {75--80},
    url = {http://ieeexplore.ieee.org/stamp/stamp.jsp?tp=&arnumber=4815544&isnumber=4815532}
}

@inproceedings{Rabiner89atutorial,
    author = {Lawrence R. Rabiner},
    title = {A tutorial on hidden markov models and selected applications in speech recognition},
    booktitle = {Proceedings of the IEEE},
    year = {1989},
    pages = {257--286}
}